@manual{1 ,
title = "Getting Started with ESP8266 and Arduino: ESP8266 Arduino Interface",
note = "\url{https://www.electronicshub.org/esp8266-arduino-interface/}",
}
@manual{2,
title = "How to Connect ESP8266 to WiFi | A Beginnerâ€™s Guide",
note = "\url{https://www.electronicshub.org/connect-esp8266-to-wifi/}",
}

@manual{3,
	title = "How to Send Data from Arduino to Webpage using WiFi",
	note = "\url{https://circuitdigest.com/microcontroller-projects/sending-arduino-data-to-webpage}",
}
@manual{4,
	title = "ESP8266 module comparison",
	note = "\url{https://blog.squix.org/2015/03/esp8266-module-comparison-esp-01-esp-05.html}",
}
@manual{5,
	title = "Interfacing 16X2 LCD with ESP32 using I2C",
	note = "\url{https://circuitdigest.com/microcontroller-projects/interfacing-16x2-lcd-with-esp32-using-i2c}",
}
@manual{6,
	title = "7-Segment Display Interfacing with Arduino UNO",
	note = "\url{https://www.electronicwings.com/arduino/7-segment-display-interfacing-with-arduino-uno}",
}
@manual{7,
	title = "Serially Interfaced, 8-Digit, LED Display Drivers",
	note = "\url{https://www.maximintegrated.com/en/products/power/display-power-control/MAX7221.html}",
}

